<record><leader>00000cas a22000007a 4500</leader><controlfield tag="001">12484507</controlfield><controlfield tag="008">850903d188919uuinuwr ne      0    0eng d</controlfield><datafield ind1=" " ind2=" " tag="010"><subfield code="a">sn 85048052 </subfield></datafield><datafield ind1=" " ind2=" " tag="040"><subfield code="a">NPI</subfield><subfield code="b">eng</subfield><subfield code="c">NPI</subfield><subfield code="d">OCLCQ</subfield></datafield><datafield ind1=" " ind2=" " tag="042"><subfield code="a">msc</subfield></datafield><datafield ind1="0" ind2=" " tag="130"><subfield code="a">Weekly herald (Madison, Ind. : 1889)</subfield></datafield><datafield ind1="1" ind2="4" tag="245"><subfield code="a">The weekly herald.</subfield></datafield><datafield ind1=" " ind2=" " tag="260"><subfield code="a">Madison, Ind. :</subfield><subfield code="b">Herald Co.,</subfield><subfield code="c">1889-</subfield></datafield><datafield ind1=" " ind2=" " tag="300"><subfield code="a">v. :</subfield><subfield code="b">ill. ;</subfield><subfield code="c">59 cm.</subfield></datafield><datafield ind1="0" ind2=" " tag="362"><subfield code="a">Vol. 19, no. 174 (Sept. 12, 1889)-</subfield></datafield><datafield ind1=" " ind2=" " tag="500"><subfield code="a">Democratic Cf. Miller, John W. Indiana newspaper bibliog.</subfield></datafield><datafield ind1=" " ind2=" " tag="515"><subfield code="a">Issues from Sept. 12th through Oct. 17th 1889, carry issue numbers 174-177; Oct. 24th 1889 issue reverts to issue number 22, resuming the pattern of the "Madison weekly herald."</subfield></datafield><datafield ind1=" " ind2=" " tag="580"><subfield code="a">Published also in a daily edition called: Sept. 1889-1893, Daily herald; Oct. 1893-19uu, Madison daily herald.</subfield></datafield><datafield ind1=" " ind2=" " tag="752"><subfield code="a">United States</subfield><subfield code="b">Indiana</subfield><subfield code="c">Jefferson</subfield><subfield code="d">Madison.</subfield></datafield><datafield ind1="1" ind2=" " tag="775"><subfield code="t">Daily herald (Madison, Ind.)</subfield><subfield code="w">(DLC)sn 85048056</subfield></datafield><datafield ind1="1" ind2=" " tag="775"><subfield code="t">Madison daily herald (Madison, Ind. : 1893)</subfield><subfield code="w">(DLC)sn 85048057</subfield></datafield><datafield ind1="0" ind2="0" tag="780"><subfield code="t">Madison weekly herald (Madison, Ind. : 1875)</subfield><subfield code="w">(DLC)sn 85048050</subfield></datafield><datafield ind1="0" ind2="0" tag="785"><subfield code="t">Madison weekly herald (Madison, Ind. : 1940)</subfield><subfield code="w">(DLC)sn 85048053</subfield></datafield></record>